https://aws.amazon.com/what-is/api/

https://developer.mozilla.org/en-US/docs/Learn_web_development/Extensions/Client-side_APIs/Introduction

https://www.postman.com/what-is-an-api/

