@online{schaefer_company,
  author    = {{SCHAEFER GmbH}},
  title     = {Über uns – SCHAEFER GmbH},
  year      = {2025},
  url       = {https://wsschaefer.com/de/unternehmen.html},
  urldate   = {2025-07-15},
  note      = {Unternehmensprofil der SCHAEFER GmbH, Sigmaringen}
}

@online{schaefer_northdata,
  author    = {{North Data GmbH}},
  title     = {SCHAEFER GmbH, Sigmaringen},
  year      = {2025},
  url       = {https://www.northdata.de/SCHAEFER+GmbH,+Sigmaringen/Amtsgericht+Ulm+HRB+710320},
  urldate   = {2025-07-15},
  note      = {Firmenregistereintrag bei North Data}
}

%----------- API --------------

@online{aws_api,
  author    = {{Amazon Web Services}},
  title     = {What is an API?},
  year      = {2025},
  url       = {https://aws.amazon.com/what-is/api/},
  urldate   = {2025-07-15},
  note      = {Einführung in APIs von Amazon Web Services}
}

@online{mdn_api,
  author    = {{Mozilla Developer Network}},
  title     = {Introduction to client-side APIs},
  year      = {2025},
  url       = {https://developer.mozilla.org/en-US/docs/Learn_web_development/Extensions/Client-side_APIs/Introduction},
  urldate   = {2025-07-15},
  note      = {Einführung in clientseitige Web-APIs}
}

@online{postman_api,
  author    = {{Postman}},
  title     = {What is an API?},
  year      = {2025},
  url       = {https://www.postman.com/what-is-an-api/},
  urldate   = {2025-07-15},
  note      = {Grundlagen von APIs mit Postman}
}

@online{ibmAPI,
  author    = {{IBM}},
  title     = {Was ist eine API (Application Programming Interface)?},
  year      = {2024},
  url       = {https://www.ibm.com/de-de/think/topics/api},
  urldate   = {2025-07-15}
}



%----- VSCode -----


@online{vscode_better_cpp_syntax,
  author    = {Jeff Hykin},
  title     = {Better C++ Syntax – VSCode Extension},
  year      = {2025},
  url       = {https://marketplace.visualstudio.com/items?itemName=jeff-hykin.better-cpp-syntax},
  urldate   = {2025-07-15},
  note      = {Syntaxhervorhebung für modernen C++ Code}
}

@online{vscode_cpptools,
  author    = {Microsoft},
  title     = {C/C++ Extension Pack – VSCode},
  year      = {2025},
  url       = {https://marketplace.visualstudio.com/items?itemName=ms-vscode.cpptools-extension-pack},
  urldate   = {2025-07-15},
  note      = {Extension Pack für C/C++ Entwicklung in VSCode}
}

@online{vscode_cpptools_base,
  author    = {Microsoft},
  title     = {C/C++ – VSCode Extension},
  year      = {2025},
  url       = {https://marketplace.visualstudio.com/items?itemName=ms-vscode.cpptools},
  urldate   = {2025-07-15},
  note      = {Basis-C/C++-Unterstützung in VSCode}
}

@online{vscode_cpptools_themes,
  author    = {Microsoft},
  title     = {C/C++ Themes – VSCode Extension},
  year      = {2025},
  url       = {https://marketplace.visualstudio.com/items?itemName=ms-vscode.cpptools-themes},
  urldate   = {2025-07-15},
  note      = {Farbschemata für C/C++ Entwicklung}
}

@online{vscode_cmake_tools,
  author    = {Microsoft},
  title     = {CMake Tools – VSCode Extension},
  year      = {2025},
  url       = {https://marketplace.visualstudio.com/items?itemName=ms-vscode.cmake-tools},
  urldate   = {2025-07-15},
  note      = {CMake-Unterstützung in VSCode}
}

@online{vscode_devpack,
  author    = {franneck94},
  title     = {C/C++ Dev Extension Pack},
  year      = {2025},
  url       = {https://marketplace.visualstudio.com/items?itemName=franneck94.vscode-c-cpp-dev-extension-pack},
  urldate   = {2025-07-15},
  note      = {VSCode-Erweiterungspaket für C/C++ Entwicklung}
}

@online{vscode_runner,
  author    = {franneck94},
  title     = {C/C++ Runner – VSCode Extension},
  year      = {2025},
  url       = {https://marketplace.visualstudio.com/items?itemName=franneck94.c-cpp-runner},
  urldate   = {2025-07-15},
  note      = {Code-Kompendium und Runner-Integration}
}

@online{vscode_cpp_config,
  author    = {franneck94},
  title     = {C/C++ Config – VSCode Extension},
  year      = {2025},
  url       = {https://marketplace.visualstudio.com/items?itemName=franneck94.vscode-c-cpp-config},
  urldate   = {2025-07-15},
  note      = {Konfigurationsunterstützung für C/C++}
}

@online{vscode_twxs_cmake,
  author    = {twxs},
  title     = {CMake Language Support – VSCode Extension},
  year      = {2025},
  url       = {https://marketplace.visualstudio.com/items?itemName=twxs.cmake},
  urldate   = {2025-07-15},
  note      = {Sprachunterstützung für CMake-Dateien}
}

@online{vscode_cmake_format,
  author    = {cheshirekow},
  title     = {CMake Format – VSCode Extension},
  year      = {2025},
  url       = {https://marketplace.visualstudio.com/items?itemName=cheshirekow.cmake-format},
  urldate   = {2025-07-15},
  note      = {Formatierer für CMake-Projekte}
}

@online{vscode_doxygen,
  author    = {bbenoist},
  title     = {Doxygen Documentation Generator – VSCode Extension},
  year      = {2025},
  url       = {https://marketplace.visualstudio.com/items?itemName=bbenoist.Doxygen},
  urldate   = {2025-07-15},
  note      = {Integration von Doxygen in VSCode}
}

@online{vscode_doxdocgen,
  author    = {Christoph Schlosser},
  title     = {Doxygen Doc Generator – VSCode Extension},
  year      = {2025},
  url       = {https://marketplace.visualstudio.com/items?itemName=cschlosser.doxdocgen},
  urldate   = {2025-07-15},
  note      = {Auto-Generator für Doxygen-Kommentare}
}

@online{vscode_asm,
  author    = {13xforever},
  title     = {x86 and x86_64 Assembly – VSCode Extension},
  year      = {2025},
  url       = {https://marketplace.visualstudio.com/items?itemName=13xforever.language-x86-64-assembly},
  urldate   = {2025-07-15},
  note      = {Assembly-Sprachunterstützung in VSCode}
}

% --- STM32 VSCode Extensions & Tools ---

@online{stm32_vscode_ext,
  author    = {STMicroelectronics},
  title     = {STM32 VS Code Extension},
  year      = {2025},
  url       = {https://marketplace.visualstudio.com/items?itemName=stmicroelectronics.stm32-vscode-extension},
  urldate   = {2025-07-15},
  note      = {Erweiterung für STM32-Entwicklung in VS Code}
}

@online{stm32cubeide,
  author       = {STMicroelectronics},
  title        = {STM32CubeIDE – Integrated Development Environment},
  year         = {2025},
  url          = {https://www.st.com/en/development-tools/stm32cubeide.html},
  urldate	   = {2025-07-15},
  note         = {Accessed: 2025-07-15}
}

@online{stm32cubeclt,
  author    = {STMicroelectronics},
  title     = {STM32CubeCLT – Command Line Tools},
  year      = {2025},
  url       = {https://www.st.com/en/development-tools/stm32cubeclt.html},
  urldate   = {2025-07-15},
  note      = {Kommandozeilen-Tools für STM32-Projekte}
}

@online{stm32cubemx,
  author    = {STMicroelectronics},
  title     = {STM32CubeMX – Project Initialization Tool},
  year      = {2025},
  url       = {https://www.st.com/en/development-tools/stm32cubemx.html},
  urldate   = {2025-07-15},
  note      = {Initialisierung von STM32-Projekten und Codegenerierung}
}

@online{stmcu_finder,
  author    = {STMicroelectronics},
  title     = {STM32 MCU Finder for PC},
  year      = {2025},
  url       = {https://www.st.com/en/development-tools/st-mcu-finder-pc.html},
  urldate   = {2025-07-15},
  note      = {Tool zur Suche und Auswahl von STM32-Microcontrollern}
}

@online{stm32cube_ecosystem,
  author    = {STMicroelectronics},
  title     = {STM32Cube Ecosystem},
  year      = {2025},
  url       = {https://www.st.com/content/st_com/en/ecosystems/stm32cube-ecosystem.html},
  urldate   = {2025-07-15},
  note      = {Komplettes Entwicklungsökosystem für STM32}
}

% --- Driver Portability ---

@online{embedded_driver_design,
  author    = {{Embedded System Online}},
  title     = {Embedded System Design in Device Driver Environment},
  year      = {2025},
  url       = {https://www.embeddedsystemonline.com/home/embedded-system-design-in-device-driver-environment},
  urldate   = {2025-07-15},
  note      = {Artikel zur portablen Gerätetreiber-Entwicklung}
}

% --- Software-Architektur ---

@online{refactoring_guru_patterns,
  author    = {Refactoring.Guru},
  title     = {Design Patterns},
  year      = {2025},
  url       = {https://refactoring.guru/design-patterns},
  urldate   = {2025-07-15},
  note      = {Erklärungen und Beispiele zu Entwurfsmustern}
}

@misc{barlik_architektur,
  author    = {Mehmet Barlik},
  title     = {Skript Software-Architektur},
  year      = {2025},
  note      = {Vorlesungsskript zur Softwarearchitektur, privates Dokument}
}

@online{gfg_DesignVsArchitecture,
  author    = {{GeeksforGeeks}},
  title     = {Difference Between Software Design and Software Architecture},
  year      = {2021},
  url       = {https://www.geeksforgeeks.org/system-design/difference-between-software-design-and-software-architecture/},
  urldate   = {2025-07-15}
}

@book{RichardsFord2020,
  author    = {Mark Richards and Neal Ford},
  title     = {Handbuch moderner Softwarearchitektur -- Architekturstile, Patterns und Best Practices},
  year      = {2020},
  publisher = {dpunkt.verlag},
  isbn      = {978-3-86490-722-6},
  address   = {Heidelberg}
}


% --- Open Source Projekte ---

@online{github_mcu_cpp,
  author    = {yh-sb},
  title     = {mcu-cpp: C++ Hardware Abstraction for MCUs},
  year      = {2025},
  url       = {https://github.com/yh-sb/mcu-cpp},
  urldate   = {2025-07-15},
  note      = {C++ Abstraktionslayer für Microcontroller}
}

@online{github_modm,
  author    = {modm.io},
  title     = {modm – Modern C++ Microcontroller Library},
  year      = {2025},
  url       = {https://github.com/modm-io/modm},
  urldate   = {2025-07-15},
  note      = {C++-Bibliothek für Microcontroller}
}

@online{modm_io,
  author    = {modm.io},
  title     = {modm – Modern Embedded Library},
  year      = {2025},
  url       = {https://modm.io/},
  urldate   = {2025-07-15},
  note      = {Offizielle Website der modm-C++-Bibliothek}
}


% --- CMSIS ---

@online{arm_cmsis,
  author    = {Arm Ltd.},
  title     = {CMSIS – Cortex Microcontroller Software Interface Standard},
  year      = {2025},
  url       = {https://www.arm.com/technologies/cmsis},
  urldate   = {2025-07-15},
  note      = {Offizielle Beschreibung der CMSIS-Plattform}
}

@online{cmsis_docs,
  author    = {Arm Ltd.},
  title     = {CMSIS v6 Documentation},
  year      = {2025},
  url       = {https://arm-software.github.io/CMSIS_6/latest/General/index.html},
  urldate   = {2025-07-15},
  note      = {Online-Dokumentation der CMSIS-Version 6}
}

% --- MCU vs. MPU ---

@online{ibm_mcu_vs_mpu,
  author    = {IBM},
  title     = {Microcontroller vs. Microprocessor: What's the Difference?},
  year      = {2025},
  url       = {https://www.ibm.com/think/topics/microcontroller-vs-microprocessor},
  urldate   = {2025-07-15},
  note      = {Vergleich zwischen Microcontrollern und Mikroprozessoren}
}

% --- Compiler ---

@online{gfg_compiler_intro,
  author    = {GeeksforGeeks},
  title     = {Introduction to Compiler Design},
  year      = {2025},
  url       = {https://www.geeksforgeeks.org/introduction-of-compiler-design/},
  urldate   = {2025-07-15},
  note      = {Einführung in Compiler-Design und Aufbau}
}

% --- SPI (Serial Peripheral Interface) ---

@online{oracle_spi,
  author    = {Oracle},
  title     = {Serial Peripheral Interface (SPI) Bus Guide},
  year      = {2025},
  url       = {https://docs.oracle.com/javame/8.3/me-dev-guide/serial-peripheral-interface-spi-bus.htm#MEEDG382},
  urldate   = {2025-07-15},
  note      = {Beschreibung des SPI-Bus in Java ME}
}

@online{analog_spi_intro,
  author    = {Analog Devices},
  title     = {Introduction to the SPI Interface},
  year      = {2025},
  url       = {https://www.analog.com/en/resources/analog-dialogue/articles/introduction-to-spi-interface.html},
  urldate   = {2025-07-15},
  note      = {Grundlagenartikel zum SPI-Protokoll}
}

@online{arduino_spi,
  author    = {Arduino},
  title     = {SPI Communication},
  year      = {2025},
  url       = {https://docs.arduino.cc/learn/communication/spi/},
  urldate   = {2025-07-15},
  note      = {Offizielle Arduino-Dokumentation zur SPI-Kommunikation}
}

@online{rohde_spi_video,
  author    = {Rohde \& Schwarz},
  title     = {SPI Bus Tutorial (YouTube Video)},
  year      = {2025},
  url       = {https://www.youtube.com/watch?v=0nVNwozXsIc},
  urldate   = {2025-07-15},
  note      = {YouTube-Video zur SPI-Kommunikation}
}


% --- UART (Universal Asynchronous Receiver/Transmitter) ---

@online{analog_uart,
  author    = {Analog Devices},
  title     = {UART – A Hardware Communication Protocol},
  year      = {2025},
  url       = {https://www.analog.com/en/resources/analog-dialogue/articles/uart-a-hardware-communication-protocol.html},
  urldate   = {2025-07-15},
  note      = {Einführung in das UART-Kommunikationsprotokoll}
}

@online{rohde_uart,
  author    = {Rohde \& Schwarz},
  title     = {Understanding UART – Digital Oscilloscope Application},
  year      = {2025},
  url       = {https://www.rohde-schwarz.com/us/products/test-and-measurement/essentials-test-equipment/digital-oscilloscopes/understanding-uart_254524.html},
  urldate   = {2025-07-15},
  note      = {UART-Signalanalyse mit Oszilloskopen}
}

@online{esp_uart,
  author    = {Espressif Systems},
  title     = {ESP-IDF UART API Reference},
  year      = {2025},
  url       = {https://docs.espressif.com/projects/esp-idf/en/stable/esp32/api-reference/peripherals/uart.html},
  urldate   = {2025-07-15},
  note      = {Dokumentation zur UART-API von ESP-IDF}
}

@online{arduino_uart,
  author    = {Arduino},
  title     = {UART Communication},
  year      = {2025},
  url       = {https://docs.arduino.cc/learn/communication/uart/},
  urldate   = {2025-07-15},
  note      = {Grundlagen zur UART-Kommunikation mit Arduino}
}

@online{gfg_uart,
  author    = {GeeksforGeeks},
  title     = {Universal Asynchronous Receiver/Transmitter (UART) Protocol},
  year      = {2025},
  url       = {https://www.geeksforgeeks.org/computer-networks/universal-asynchronous-receiver-transmitter-uart-protocol/},
  urldate   = {2025-07-15},
  note      = {Theoretische Erklärung des UART-Protokolls}
}

% --- CAN (Controller Area Network) ---

@online{canbus_us,
  author    = {CANBUS.US},
  title     = {CAN Bus Overview},
  year      = {2025},
  url       = {https://canbus.us/},
  urldate   = {2025-07-15},
  note      = {Informationsportal zu CAN-Bus-Technologie}
}

@online{css_can,
  author    = {CSS Electronics},
  title     = {CAN Bus Explained – A Simple Intro \& Tutorial},
  year      = {2025},
  url       = {https://www.csselectronics.com/pages/can-bus-simple-intro-tutorial},
  urldate   = {2025-07-15},
  note      = {Einsteigerfreundliche Einführung in CAN}
}

@online{esa_can,
  author    = {ESA – European Space Agency},
  title     = {CAN – Controller Area Network Bus in Space Systems},
  year      = {2025},
  url       = {https://www.esa.int/Enabling_Support/Space_Engineering_Technology/Onboard_Computers_and_Data_Handling/CAN_-_Controller_Area_Network_Bus},
  urldate   = {2025-07-15},
  note      = {CAN im Kontext der Raumfahrttechnik}
}

@online{arduino_can,
  author    = {Arduino},
  title     = {CAN Communication},
  year      = {2025},
  url       = {https://docs.arduino.cc/learn/communication/can/},
  urldate   = {2025-07-15},
  note      = {Arduino-Dokumentation zur CAN-Kommunikation}
}

@online{youtube_can_video,
  author    = {Hardwire Electronics},
  title     = {CAN Bus Communication Explained (YouTube)},
  year      = {2025},
  url       = {https://www.youtube.com/watch?v=YBrU_eZM110},
  urldate   = {2025-07-15},
  note      = {Einsteigerfreundliches CAN-Tutorial auf YouTube}
}

% --- GPIO (General-Purpose Input/Output) ---

@online{oracle_gpio,
  author    = {Oracle},
  title     = {General Purpose Input Output (GPIO)},
  year      = {2025},
  url       = {https://docs.oracle.com/javame/8.1/me-dev-guide/gpio.htm},
  urldate   = {2025-07-15},
  note      = {Java ME Dokumentation zu GPIO}
}

@online{nordic_gpio,
  author    = {Nordic Semiconductor},
  title     = {nRF9160 GPIO Overview},
  year      = {2025},
  url       = {https://docs.nordicsemi.com/bundle/ps_nrf9160/page/gpio.html},
  urldate   = {2025-07-15},
  note      = {GPIO-Dokumentation für Nordic nRF9160}
}

@online{stm32_gpio,
  author    = {STMicroelectronics},
  title     = {Getting Started with STM32 GPIO},
  year      = {2025},
  url       = {https://wiki.st.com/stm32mcu/wiki/Getting_started_with_GPIO},
  urldate   = {2025-07-15},
  note      = {STM32 GPIO-Wiki mit Beispielen}
}

@online{elektronikkompendium_gpio,
  author    = {Elektronik-Kompendium},
  title     = {GPIO beim Raspberry Pi},
  year      = {2025},
  url       = {https://www.elektronik-kompendium.de/sites/raspberry-pi/2002191.htm},
  urldate   = {2025-07-15},
  note      = {Praxisbeispiel für GPIO auf dem Raspberry Pi}
}


@book{balzert2011softwaretechnik2,
  author    = {Helmut Balzert},
  title     = {Lehrbuch der Softwaretechnik. Bd. 2: Entwurf, Implementierung, Installation und Betrieb},
  publisher = {Spektrum Akademischer Verlag},
  year      = {2011},
  isbn      = {978-3-8274-1706-0},
  note 		= {}
}
